<record><leader>00000cas a2200000 a 4500</leader><controlfield tag="001">11543172</controlfield><controlfield tag="008">850103d19561993azumr ne      0   a0eng d</controlfield><datafield ind1=" " ind2=" " tag="010"><subfield code="a">sn 85007943 </subfield></datafield><datafield ind1=" " ind2=" " tag="040"><subfield code="a">NSD</subfield><subfield code="b">eng</subfield><subfield code="c">NSD</subfield><subfield code="d">EBZ</subfield><subfield code="d">ANN</subfield><subfield code="d">OCL</subfield><subfield code="d">ANN</subfield><subfield code="d">OCL</subfield><subfield code="d">OCLCQ</subfield><subfield code="d">OCLCF</subfield><subfield code="d">OCLCO</subfield></datafield><datafield ind1=" " ind2=" " tag="012"><subfield code="l">1</subfield></datafield><datafield ind1="1" ind2=" " tag="022"><subfield code="a">0004-1564</subfield><subfield code="l">0004-1564</subfield><subfield code="2">1</subfield></datafield><datafield ind1=" " ind2=" " tag="037"><subfield code="b">Arizona Mobile Citizen, P.O. Box 5397, Phoenix, Ariz. 85010</subfield></datafield><datafield ind1=" " ind2=" " tag="042"><subfield code="a">nsdp</subfield></datafield><datafield ind1=" " ind2=" " tag="043"><subfield code="a">n-us-az</subfield></datafield><datafield ind1=" " ind2=" " tag="090"><subfield code="a">TX1107.2.A6</subfield><subfield code="b">A66</subfield></datafield><datafield ind1=" " ind2="0" tag="222"><subfield code="a">Arizona mobile citizen</subfield></datafield><datafield ind1="0" ind2="0" tag="245"><subfield code="a">Arizona mobile citizen.</subfield></datafield><datafield ind1=" " ind2=" " tag="260"><subfield code="a">Phoenix, Ariz. :</subfield><subfield code="b">[Arizona Trailer Publications],</subfield><subfield code="c">1956-1993.</subfield></datafield><datafield ind1=" " ind2=" " tag="300"><subfield code="a">37 v. :</subfield><subfield code="b">ill. ;</subfield><subfield code="c">43 cm.</subfield></datafield><datafield ind1=" " ind2=" " tag="310"><subfield code="a">Monthly,</subfield><subfield code="b">&lt;Aug. 1990&gt;-May/June 1993</subfield></datafield><datafield ind1=" " ind2=" " tag="321"><subfield code="a">Frequency varies</subfield></datafield><datafield ind1="0" ind2=" " tag="362"><subfield code="a">Vol. 8, no. 3 (Sept. 11, 1956)-v. 44, no. 10 (May/June 1993).</subfield></datafield><datafield ind1=" " ind2="0" tag="650"><subfield code="a">Mobile home living</subfield><subfield code="z">Arizona</subfield><subfield code="v">Newspapers.</subfield></datafield><datafield ind1=" " ind2="0" tag="650"><subfield code="a">Mobile home parks</subfield><subfield code="z">Arizona</subfield><subfield code="v">Newspapers.</subfield></datafield><datafield ind1=" " ind2="0" tag="650"><subfield code="a">Recreational vehicle living</subfield><subfield code="z">Arizona</subfield><subfield code="v">Newspapers.</subfield></datafield><datafield ind1=" " ind2="0" tag="651"><subfield code="a">Phoenix (Ariz.)</subfield><subfield code="v">Newspapers.</subfield></datafield><datafield ind1=" " ind2="7" tag="655"><subfield code="a">Newspapers.</subfield><subfield code="2">fast</subfield><subfield code="0">(OCoLC)fst01423814</subfield></datafield><datafield ind1=" " ind2="7" tag="650"><subfield code="a">Mobile home living.</subfield><subfield code="2">fast</subfield><subfield code="0">(OCoLC)fst01024233</subfield></datafield><datafield ind1=" " ind2="7" tag="650"><subfield code="a">Mobile home parks.</subfield><subfield code="2">fast</subfield><subfield code="0">(OCoLC)fst01024236</subfield></datafield><datafield ind1=" " ind2="7" tag="650"><subfield code="a">Recreational vehicle living.</subfield><subfield code="2">fast</subfield><subfield code="0">(OCoLC)fst01091916</subfield></datafield><datafield ind1=" " ind2="7" tag="651"><subfield code="a">Arizona.</subfield><subfield code="2">fast</subfield><subfield code="0">(OCoLC)fst01204820</subfield></datafield><datafield ind1=" " ind2="7" tag="651"><subfield code="a">Arizona</subfield><subfield code="z">Phoenix.</subfield><subfield code="2">fast</subfield><subfield code="0">(OCoLC)fst01213753</subfield></datafield><datafield ind1=" " ind2=" " tag="752"><subfield code="a">United States</subfield><subfield code="b">Arizona</subfield><subfield code="c">Maricopa</subfield><subfield code="d">Phoenix.</subfield></datafield><datafield ind1="0" ind2="0" tag="780"><subfield code="a">Arizona trailer folks</subfield><subfield code="w">(DLC)sn 96060835</subfield><subfield code="w">(OCoLC)34609172</subfield></datafield></record>